@inproceedings{sansone2001improved,
  title={An Improved Algorithm for Matching Large Graphs},
  author={Sansone, P Foggia C and Vento, M},
  booktitle={Proc. of the 3rd IAPR-TC-15 International Workshop on Graph-based Representations},
  year={2001}
}

@article{bron1973algorithm,
  title={Algorithm 457: finding all cliques of an undirected graph},
  author={Bron, Coen and Kerbosch, Joep},
  journal={Communications of the ACM},
  volume={16},
  number={9},
  pages={575--577},
  year={1973},
  publisher={ACM}
}
