@article{franklin2011computational,
  title={Computational mechanisms of sensorimotor control},
  author={Franklin, David W and Wolpert, Daniel M},
  journal={Neuron},
  volume={72},
  number={3},
  pages={425--442},
  year={2011},
  publisher={Elsevier}
}

@article{faisal2008noise,
  title={Noise in the nervous system},
  author={Faisal, A Aldo and Selen, Luc PJ and Wolpert, Daniel M},
  journal={Nature reviews neuroscience},
  volume={9},
  number={4},
  pages={292},
  year={2008},
  publisher={Nature Publishing Group}
}
@article{gordon1994accuracy,
  title={Accuracy of planar reaching movements},
  author={Gordon, James and Ghilardi, Maria Felice and Cooper, Scott E and Ghez, Claude},
  journal={Experimental brain research},
  volume={99},
  number={1},
  pages={112--130},
  year={1994},
  publisher={Springer}
}
@article{vindras1998frames,
  title={Frames of reference and control parameters in visuomanual pointing.},
  author={Vindras, Philippe and Viviani, Paolo},
  journal={Journal of Experimental Psychology: Human Perception and Performance},
  volume={24},
  number={2},
  pages={569},
  year={1998},
  publisher={American Psychological Association}
}@article{churchland2006central,
  title={A central source of movement variability},
  author={Churchland, Mark M and Afshar, Afsheen and Shenoy, Krishna V},
  journal={Neuron},
  volume={52},
  number={6},
  pages={1085--1096},
  year={2006},
  publisher={Elsevier}
}

@article{mehta2002forward,
  title={Forward models in visuomotor control},
  author={Mehta, Biren and Schaal, Stefan},
  journal={Journal of Neurophysiology},
  volume={88},
  number={2},
  pages={942--953},
  year={2002},
  publisher={American Physiological Society Bethesda, MD}
}
@article{roy2001selective,
  title={Selective processing of vestibular reafference during self-generated head motion},
  author={Roy, Jefferson E and Cullen, Kathleen E},
  journal={Journal of Neuroscience},
  volume={21},
  number={6},
  pages={2131--2142},
  year={2001},
  publisher={Soc Neuroscience}
}
@article{cullen2004signal,
  title={Signal processing in the vestibular system during active versus passive head movements},
  author={Cullen, Kathleen E and Roy, Jefferson E},
  journal={Journal of neurophysiology},
  volume={91},
  number={5},
  pages={1919--1933},
  year={2004},
  publisher={American Physiological Society}
}
@article{mcgurk1976hearing,
  title={Hearing lips and seeing voices},
  author={McGurk, Harry and MacDonald, John},
  journal={Nature},
  volume={264},
  number={5588},
  pages={746},
  year={1976},
  publisher={Nature Publishing Group}
}
@article{blakemore1999spatio,
  title={Spatio-temporal prediction modulates the perception of self-produced stimuli},
  author={Blakemore, Sarah-J and Frith, Chris D and Wolpert, Daniel M},
  journal={Journal of cognitive neuroscience},
  volume={11},
  number={5},
  pages={551--559},
  year={1999},
  publisher={MIT Press}
}

@article{kording2007causal,
  title={Causal inference in multisensory perception},
  author={K{\"o}rding, Konrad P and Beierholm, Ulrik and Ma, Wei Ji and Quartz, Steven and Tenenbaum, Joshua B and Shams, Ladan},
  journal={PLoS one},
  volume={2},
  number={9},
  pages={e943},
  year={2007},
  publisher={Public Library of Science}
}
@article{alais2004ventriloquist,
  title={The ventriloquist effect results from near-optimal bimodal integration},
  author={Alais, David and Burr, David},
  journal={Current biology},
  volume={14},
  number={3},
  pages={257--262},
  year={2004},
  publisher={Elsevier}
}
@article{wolpert2001motor,
  title={Motor prediction},
  author={Wolpert, Daniel M and Flanagan, J Randall},
  journal={Current biology},
  volume={11},
  number={18},
  pages={R729--R732},
  year={2001},
  publisher={Elsevier}
}
@article{ariff2002real,
  title={A real-time state predictor in motor control: study of saccadic eye movements during unseen reaching movements},
  author={Ariff, Gregory and Donchin, Opher and Nanayakkara, Thrishantha and Shadmehr, Reza},
  journal={Journal of Neuroscience},
  volume={22},
  number={17},
  pages={7721--7729},
  year={2002},
  publisher={Soc Neuroscience}
}

@article{nanayakkara2003saccade,
  title={Saccade adaptation in response to altered arm dynamics},
  author={Nanayakkara, Thrishantha and Shadmehr, Reza},
  journal={Journal of Neurophysiology},
  volume={90},
  number={6},
  pages={4016--4021},
  year={2003},
  publisher={American Physiological Society}
}

@article{ernst2002humans,
  title={Humans integrate visual and haptic information in a statistically optimal fashion},
  author={Ernst, Marc O and Banks, Martin S},
  journal={Nature},
  volume={415},
  number={6870},
  pages={429},
  year={2002},
  publisher={Nature Publishing Group}
}

@article{jones2002sources,
  title={Sources of signal-dependent noise during isometric force production},
  author={Jones, Kelvin E and Hamilton, Antonia F de C and Wolpert, Daniel M},
  journal={Journal of neurophysiology},
  volume={88},
  number={3},
  pages={1533--1544},
  year={2002},
  publisher={American Physiological Society Bethesda, MD}
}
@article{slifkin1999noise,
  title={Noise, information transmission, and force variability.},
  author={Slifkin, Andrew B and Newell, Karl M},
  journal={Journal of Experimental Psychology: Human Perception and Performance},
  volume={25},
  number={3},
  pages={837},
  year={1999},
  publisher={American Psychological Association}
}
@article{van2009motor,
  title={Motor learning is optimally tuned to the properties of motor noise},
  author={van Beers, Robert J},
  journal={Neuron},
  volume={63},
  number={3},
  pages={406--417},
  year={2009},
  publisher={Elsevier}
}
@article{yuille2006vision,
  title={Vision as Bayesian inference: analysis by synthesis?},
  author={Yuille, Alan and Kersten, Daniel},
  journal={Trends in cognitive sciences},
  volume={10},
  number={7},
  pages={301--308},
  year={2006},
  publisher={Elsevier}
}
